@article{Barreno2008,
author = {Marco Barreno and Alvaro Cardenas and Doug Tygar},
title = {Optimal ROC Curve for a Combination of Classifiers.},
journal = {Advances in Neural Information Processing Systems (NIPS), MIT Press},
pages = {57-64},
year = {2008}, 
}



@article{Baum1970,
     title = {A Maximization Technique Occurring in the Statistical Analysis of Probabilistic Functions of Markov Chains},
     author = {Baum, Leonard E. and Petrie, Ted and Soules, George and Weiss, Norman},
     journal = {The Annals of Mathematical Statistics},
     volume = {41},
     number = {1},
     pages = {164-171},
     year = {1970},
    }

@INPROCEEDINGS{Bhatkar2006, 
author={Bhatkar, S. and Chaturvedi, A. and Sekar, R.}, 
booktitle={Security and Privacy, 2006 IEEE Symposium on}, 
title={Dataflow anomaly detection}, 
year={2006}, 
pages={15 pp.-62}, 
month={May},
}

@inproceedings{Chen2009,
 author = {Chen, Yu-Shu and Chen, Yi-Ming},
 title = {Combining Incremental Hidden Markov Model and Adaboost Algorithm for Anomaly Intrusion Detection},
 booktitle = {Proceedings of the ACM SIGKDD Workshop on CyberSecurity and Intelligence Informatics},
 year = {2009},
 pages = {3--9},
} 

@INPROCEEDINGS{Cohen1995a,
    author = {William W. Cohen},
    title = {Fast Effective Rule Induction},
    booktitle = {In Proceedings of the Twelfth International Conference on Machine Learning},
    year = {1995},
    pages = {115--123},
    publisher = {Morgan Kaufmann}
}

@INPROCEEDINGS{Creech2013a, 
author={Creech, G. and Jiankun Hu}, 
booktitle={Wireless Communications and Networking Conference (WCNC), 2013 IEEE}, 
title={Generation of a new IDS test dataset: Time to retire the KDD collection}, 
year={2013}, 
pages={4487-4492}, 
month={April},
}

@ARTICLE{Creech2014, 
author={Creech, G. and Jiankun Hu}, 
journal={Computers, IEEE Transactions on}, 
title={A Semantic Approach to Host-Based Intrusion Detection Systems Using Contiguousand Discontiguous System Call Patterns}, 
year={2014}, 
volume={63}, 
number={4}, 
pages={807-819}, 
month={April},
}

@INPROCEEDINGS{Yolacan2014, 
author={Yolacan, E.N. and Dy, J.G. and Kaeli, D.R.}, 
booktitle={Software Security and Reliability-Companion (SERE-C), 2014 IEEE Eighth International Conference on}, 
title={System Call Anomaly Detection Using Multi-HMMs}, 
year={2014}, 
pages={25-30}, 
month={June},
}

@inproceedings{Dietterich2000,
 author = {Dietterich, Thomas G.},
 title = {Ensemble Methods in Machine Learning},
 booktitle = {Proceedings of the First International Workshop on Multiple Classifier Systems},
 year = {2000},
 pages = {1--15},
} 

@INPROCEEDINGS{Du2004, 
author={Ye Du and Huiqiang Wang and Yonggang Pang}, 
booktitle={Intelligent Control and Automation, 2004. WCICA 2004. Fifth World Congress on}, 
title={A hidden Markov models-based anomaly intrusion detection method}, 
year={2004}, 
volume={5}, 
pages={4348-4351}, 
month={June},
}

@article{Fawcett2006,
title = "An introduction to \{ROC\} analysis ",
journal = "Pattern Recognition Letters ",
volume = "27",
number = "8",
pages = "861 - 874",
year = "2006",
author = "Tom Fawcett",
}

@INPROCEEDINGS{Feng2003, 
author={Feng, H.H. and Kolesnikov, O.M. and Fogla, P. and Wenke Lee and Gong, W.}, 
booktitle={Security and Privacy, 2003. Proceedings. 2003 Symposium on}, 
title={Anomaly detection using call stack information}, 
year={2003}, 
pages={62-75}, 
month={May},
}

@INPROCEEDINGS{Forrest1996, 
author={Forrest, S. and Hofmeyr, S.A. and Somayaji, A. and Longstaff, T.A.}, 
booktitle={Security and Privacy, 1996. Proceedings., 1996 IEEE Symposium on}, 
title={A sense of self for Unix processes}, 
year={1996}, 
pages={120-128}, 
month={May},
}

@INPROCEEDINGS{Forrest2008, 
author={Forrest, S. and Hofmeyr, S. and Somayaji, A.}, 
booktitle={Computer Security Applications Conference, 2008. ACSAC 2008. Annual}, 
title={The Evolution of System-Call Monitoring}, 
year={2008}, 
pages={418-430}, 
month={Dec},
}

@INPROCEEDINGS{Gao2002, 
author={Bo Gao and Hui-Ye Ma and Yu-Hang Yang}, 
booktitle={Machine Learning and Cybernetics, 2002. Proceedings. 2002 International Conference on}, 
title={HMMs (Hidden Markov models) based on anomaly intrusion detection method}, 
year={2002}, 
volume={1}, 
pages={381-385 vol.1}, 
}

@INPROCEEDINGS{Gao2003, 
author={Fei Gao and Jizhou Sun and Zunce Wei}, 
booktitle={Electrical and Computer Engineering, 2003. IEEE CCECE 2003. Canadian Conference on}, 
title={The prediction role of hidden Markov model in intrusion detection}, 
year={2003}, 
volume={2}, 
pages={893-896 vol.2}, 
month={May},
}

@inproceedings{Ghosh1999,
 author = {Ghosh, Anup K. and Schwartzbard, Aaron and Schatz, Michael},
 title = {Learning Program Behavior Profiles for Intrusion Detection},
 booktitle = {Proceedings of the 1st Conference on Workshop on Intrusion Detection and Network Monitoring - Volume 1},
 series = {ID'99},
 year = {1999},
 pages = {6--6},
} 

@INPROCEEDINGS{Hamou-Lhadj2005, 
author={A.Hamou-Lhadj}, 
booktitle={Proceedings of the 1st International Workshop on Program Comprehension through Dynamic Analysis (PCODA'05)}, 
title={The Concept of Trace Summarization}, 
year={2005}, 
pages={43-47}, 
}

@INPROCEEDINGS{Hoang2004, 
author={Hoang, X.A. and Hu, J.}, 
booktitle={Networks, 2004. (ICON 2004). Proceedings. 12th IEEE International Conference on}, 
title={An efficient hidden Markov model training scheme for anomaly intrusion detection of server applications based on system calls}, 
year={2004}, 
volume={2}, 
pages={470-474 vol.2}, 
month={Nov},
}

@incollection{Hu2010,
  title={Host-based anomaly intrusion detection},
  author={Hu, Jiankun},
  booktitle={Handbook of Information and Communication Security},
  pages={235--255},
  year={2010},
}

@inproceedings{Jha2001,
  title={Markov chains, classifiers, and intrusion detection},
  author={Jha, Somesh and Tan, Kymie and Maxion, Roy A},
  booktitle={Proceedings of the Computer Security Foundations Workshop},
  pages={206--219},
  year={2001},
}

@INPROCEEDINGS{Khreich2009-ICC, 
author={Khreich, W. and Granger, E. and Sabourin, R. and Miri, A.}, 
booktitle={Communications, 2009. ICC '09. IEEE International Conference on}, 
title={Combining Hidden Markov Models for Improved Anomaly Detection}, 
year={2009}, 
pages={1-6}, 
month={June},
}

@INPROCEEDINGS{Khreich2010-ICPR, 
author={Khreich, W. and Granger, E. and Miri, A. and Sabourin, R.}, 
booktitle={Pattern Recognition (ICPR), 2010 20th International Conference on}, 
title={Boolean Combination of Classifiers in the ROC Space}, 
year={2010}, 
pages={4299-4303}, 
month={Aug},
}

@article{Khreich2012-INS,
title = "A survey of techniques for incremental learning of \{HMM\} parameters ",
journal = "Information Sciences ",
volume = "197",
pages = "105 - 130",
year = "2012",
issn = "0020-0255",
}

@ARTICLE{Kittler1998, 
author={Kittler, J. and Hatef, M. and Duin, R.P.W. and Matas, J.}, 
journal={Pattern Analysis and Machine Intelligence, IEEE Transactions on}, 
title={On combining classifiers}, 
year={1998}, 
volume={20}, 
number={3}, 
pages={226-239}, 
month={Mar},
}

@INPROCEEDINGS{Kruegel2003a, 
author={Kruegel, C. and Mutz, D. and Robertson, W. and Valeur, F.}, 
booktitle={Computer Security Applications Conference, 2003. Proceedings. 19th Annual}, 
title={Bayesian event classification for intrusion detection}, 
year={2003}, 
pages={14-23}, 
month={Dec},
}

@book{Kuncheva2004b,
 author = {Kuncheva, Ludmila I.},
 title = {Combining Pattern Classifiers: Methods and Algorithms},
 year = {2004},
 isbn = {0471210781},
 publisher = {Wiley-Interscience},
} 

@inproceedings{Kuncheva2003b,
  author = {Kuncheva, Ludmila},
  booktitle = {Lecture Notes in Computer Science},
  isbn = {3-540-40217-9},
  keywords = {dblp},
  pages = {1126-1138},
  publisher = {Springer},
  series = {Lecture Notes in Computer Science},
  title = {That Elusive Diversity in Classifier Ensembles.},
  volume = 2652,
  year = 2003
}

@article{Kunchev2013,
  author = {Kuncheva, Ludmila I.},
  biburl = {http://www.bibsonomy.org/bibtex/2a61c604e3515f354677dca663c30c586/dblp},
  journal = {IEEE Trans. Knowl. Data Eng.},
  number = 3,
  pages = {494-501},
  title = {A Bound on Kappa-Error Diagrams for Analysis of Classifier Ensembles.},
  url = {http://dblp.uni-trier.de/db/journals/tkde/tkde25.html#Kuncheva13},
  volume = 25,
  year = 2013
}

@INPROCEEDINGS{Larson2009, 
author={Larson, U.E. and Nilsson, D.K. and Jonsson, E. and Lindskog, S.}, 
booktitle={Security and Communication Networks (IWSCN), 2009 Proceedings of the 1st International Workshop on}, 
title={Using system call information to reveal hidden attack manifestations}, 
year={2009}, 
pages={1-8}, 
month={May},
}

@article{Liao2002,
title = "Use of K-Nearest Neighbor classifier for intrusion detection1 ",
journal = "Computers \& Security ",
volume = "21",
number = "5",
pages = "439 - 448",
year = "2002",
issn = "0167-4048",
author = "Yihua Liao and V.Rao Vemuri",
}

@article{Liao2013,
title = "Intrusion detection system: A comprehensive review ",
journal = "Journal of Network and Computer Applications ",
volume = "36",
number = "1",
pages = "16 - 24",
year = "2013",
note = "",
issn = "1084-8045",
author = "Hung-Jen Liao and Chun-Hung Richard Lin and Ying-Chih Lin and Kuang-Yuan Tung",
}

@inproceedings{Marceau2000,
 author = {Marceau, Carla},
 title = {Characterizing the Behavior of a Program Using Multiple-length N-grams},
 booktitle = {Proceedings of the 2000 Workshop on New Security Paradigms},
 year = {2000},
 isbn = {1-58113-260-3},
 pages = {101--110},
} 

@inproceedings{Margineantu1997,
 author = {Margineantu, Dragos D. and Dietterich, Thomas G.},
 title = {Pruning Adaptive Boosting},
 booktitle = {Proceedings of the Fourteenth International Conference on Machine Learning},
 series = {ICML '97},
 year = {1997},
 isbn = {1-55860-486-3},
 pages = {211--218},
} 

@INPROCEEDINGS{Murtaza2012, 
author={Murtaza, S.S. and Sultana, A. and Hamou-Lhadj, A. and Couture, M.}, 
booktitle={Software Maintenance and Reengineering (CSMR), 2012 16th European Conference on}, 
title={On the Comparison of User Space and Kernel Space Traces in Identification of Software Anomalies}, 
year={2012}, 
pages={127-136}, 
month={March},
}

@INPROCEEDINGS{Murtaza2013, 
author={Murtaza, S.S. and Khreich, W. and Hamou-Lhadj, A. and Couture, M.}, 
booktitle={Software Reliability Engineering (ISSRE), 2013 IEEE 24th International Symposium on}, 
title={A host-based anomaly detection approach by representing system calls as states of kernel modules}, 
year={2013}, 
pages={431-440}, 
month={Nov},
}

@INPROCEEDINGS{Murtaza2014, 
author={Murtaza, S.S. and Hamou-Lhadj, A. and Khreich, W. and Couture, M.}, 
booktitle={Source Code Analysis and Manipulation (SCAM), 2014 IEEE 14th International Working Conference on}, 
title={Total ADS: Automated Software Anomaly Detection System}, 
year={2014}, 
pages={83-88}, 
month={Sept},
}

@ARTICLE{Rabiner1989, 
author={Rabiner, L.}, 
journal={Proceedings of the IEEE}, 
title={A tutorial on hidden Markov models and selected applications in speech recognition}, 
year={1989}, 
volume={77}, 
pages={257-286}, 
month={Feb},
}

@INPROCEEDINGS{Sultana2012, 
author={Sultana, A. and Hamou-Lhadj, A. and Couture, M.}, 
booktitle={Communications (ICC), 2012 IEEE International Conference on}, 
title={An improved Hidden Markov Model for anomaly detection using frequent common patterns}, 
year={2012}, 
pages={1113-1117}, 
month={June},
}

@inproceedings{Wagner2002,
 author = {Wagner, David and Soto, Paolo},
 title = {Mimicry Attacks on Host-based Intrusion Detection Systems},
 booktitle = {Proceedings of the 9th ACM Conference on Computer and Communications Security},
 series = {CCS '02},
 year = {2002},
 isbn = {1-58113-612-9},
 pages = {255--264},
 numpages = {10},
} 

@INPROCEEDINGS{Wang2004, 
author={Wei Wang and Xiao-Hong Guan and Zhang, Xiang-Liang}, 
booktitle={Machine Learning and Cybernetics, 2004. Proceedings of 2004 International Conference on}, 
title={Modeling program behaviors by hidden Markov models for intrusion detection}, 
year={2004}, 
volume={5}, 
pages={2830-2835}, 
month={Aug},
}

@INPROCEEDINGS{Wang2010, 
author={Panhong Wang and Liang Shi and Beizhan Wang and Yuanqin Wu and Yangbin Liu}, 
booktitle={Computer Science and Education (ICCSE), 2010 5th International Conference on}, 
title={Survey on HMM based anomaly intrusion detection using system calls}, 
year={2010}, 
pages={102-105}, 
month={Aug},
}

@INPROCEEDINGS{Warrender1999, 
author={Warrender, C. and Forrest, S. and Pearlmutter, B.}, 
booktitle={Security and Privacy, 1999. Proceedings of the 1999 IEEE Symposium on}, 
title={Detecting intrusions using system calls: alternative data models}, 
year={1999}, 
pages={133-145}, 
}

@article{Yeung2003,
title = "Host-based intrusion detection using dynamic and static behavioral models ",
journal = "Pattern Recognition ",
volume = "36",
number = "1",
pages = "229 - 243",
year = "2003",
issn = "0031-3203",
author = "Dit-Yan Yeung and Yuxin Ding",
}

@INPROCEEDINGS{Zhang2003, 
author={Xiaoqiang Zhang and Pingzhi Fan and Zhongliang Zhu}, 
booktitle={Parallel and Distributed Computing, Applications and Technologies, 2003. PDCAT'2003. Proceedings of the Fourth International Conference on}, 
title={A new anomaly detection method based on hierarchical HMM}, 
year={2003}, 
pages={249-252}, 
month={Aug},
}

@book{Zhou2012,
  title={Ensemble methods: foundations and algorithms},
  author={Zhou, Zhi-Hua},
  year={2012},
  publisher={CRC Press}
}

@article{langfelder2008defining,
  title={Defining clusters from a hierarchical cluster tree: the Dynamic Tree Cut package for R},
  author={Langfelder, Peter and Zhang, Bin and Horvath, Steve},
  journal={Bioinformatics},
  volume={24},
  number={5},
  pages={719--720},
  year={2008},
}
@ARTICLE{Hofmeyr1998,
    author = {Steven A. Hofmeyr and Stephanie Forrest and Anil Somayaji},
    title = {Intrusion Detection using Sequences of System Calls},
    journal = {Journal of Computer Security},
    year = {1998},
    volume = {6},
    pages = {151--180}
}

@ARTICLE{Kosoresow1997,
    author = {Andrew P. Kosoresow and Steven A. Hofmeyr},
    title = {Intrusion detection via system call traces},
    journal = {IEEE Software},
    year = {1997},
    volume = {14},
    pages = {35--42}
}


@PHDTHESIS{Somaayaji2002,
    author = {Anil Buntwal Somaayaji},
    title = {Operating System Stability and Security through Process Homeostasis},
    year = {2002},
    type = {PHD Thesis},
    school = {University of New Mexico}
}

@book{Mitnick2005,
  author    = {Kevin D. Mitnick, William L. Simon}, 
  title     = {The Art of Intrusion: The Real Stories Behind the Exploits of Hackers, Intruders and Deceivers},
  publisher = {Wiley},
  year      = 2005,
  month     = 2,
  isbn      = {978-0-7645-6959-3}
}

@INPROCEEDINGS{Tan2002, 
author={Tan, K.M.C. and Maxion, R.A.}, 
booktitle={Security and Privacy, 2002. Proceedings. 2002 IEEE Symposium on}, 
title={"Why 6?" Defining the operational limits of stide, an anomaly-based intrusion detector}, 
year={2002}, 
pages={188-201}, 
}

@article{Tao2009,
 author = {Tao, Qian and Veldhuis, Raymond},
 title = {Threshold-optimized Decision-level Fusion and Its Application to Biometrics},
 journal = {Pattern Recogn.},
 volume = {42},
 number = {5},
 month = may,
 year = {2009},
 pages = {823--836},
} 

@article{Langfelder2008,
 author = {Langfelder, Peter and Zhang, Bin and Horvath, Steve},
 title = {Defining Clusters from a Hierarchical Cluster Tree},
 journal = {Bioinformatics},
 volume = {24},
 number = {5},
 month = mar,
 year = {2008},
 pages = {719--720},
} 

@article{Szekely2009,
  title={Brownian distance covariance},
  author={Sz{\'e}kely, G{\'a}bor J and Rizzo, Maria L and others},
  journal={The annals of applied statistics},
  volume={3},
  number={4},
  pages={1236--1265},
  year={2009},
  publisher={Institute of Mathematical Statistics}
}

@inproceedings{Canali2012,
 author = {Canali, Davide and Lanzi, Andrea and Balzarotti, Davide and Kruegel, Christopher and Christodorescu, Mihai and Kirda, Engin},
 title = {A Quantitative Study of Accuracy in System Call-based Malware Detection},
 booktitle = {Proceedings of the 2012 International Symposium on Software Testing and Analysis},
 year = {2012},
 pages = {122--132},
} 

@INPROCEEDINGS{Soudi2015, 
author={Soudi, A. and Khreich, W. and Hamou-Lhadj, A.}, 
booktitle={Software Quality, Reliability and Security (QRS), 2015 IEEE International Conference on}, 
title={An Anomaly Detection System Based on Ensemble of Detectors with Effective Pruning Techniques}, 
year={2015}, 
pages={109-118}, 
month={Aug},
}

@INPROCEEDINGS{Duin2000,
    author = {R. P. W. Duin},
    title = {PRTools - Version 3.0 - A Matlab Toolbox for Pattern Recognition},
    booktitle = {Proc. of SPIE},
    year = {2000},
    pages = {1331}
}


@inproceedings{Eskin2001,
  title={Modeling system calls for intrusion detection with dynamic window sizes},
  author={Eskin, Eleazar and Lee, Wenke and Stolfo, Salvatore J},
  booktitle={DARPA Information Survivability Conference \&amp; Exposition II, 2001. DISCEX'01. Proceedings},
  volume={1},
  pages={165--175},
  year={2001},
  organization={IEEE}
}

